% ------------------------------------------------------------------------
% contents/resources/publications.bib
%
% This provides bibliography entries for previous publications.
% ------------------------------------------------------------------------

@article{Wang2019,
    author = {Wang, Mike (Shengbo) and Percival, Will J. and Avila, Santiago and Crittenden, Robert and Bianchi, Davide},
    year = {2019},
    title = {Cosmological inference from galaxy-clustering power spectrum: {Gaussianization} and covariance decomposition},
    journal = {\mnras},
    volume = {486},
    number = {1},
    pages = {951-965},
    doi = {10.1093/mnras/stz829},
    url = {http://dx.doi.org/10.1093/mnras/stz829},
    eprint = {1811.08155},
    note = {{\citepalias{Wang2019}}}
}

@article{Wang2020a,
    author = {Wang, Mike (Shengbo) and Beutler, Florian and Bacon, David},
    year = {2020},
    title = {Impact of relativistic effects on the primordial {non-Gaussianity} signature in the large-scale clustering of quasars},
    journal = {\mnras},
    volume = {499},
    number = {2},
    pages = {2598},
    doi = {10.1093/mnras/staa2998},
    eprint = {2007.01802},
    note = {{\citepalias{Wang2020a}}}
}

@article{Wang2020b,
    author = {Wang, Mike (Shengbo) and Avila, Santiago and Bianchi, Davide and Crittenden, Robert and Percival, Will J.},
    year = {2020},
    title = {Hybrid-basis inference for large-scale galaxy clustering: combining spherical and {Cartesian} {Fourier} analyses},
    journal = {\jcap},
    volume = {2020},
    number = {10},
    pages = {022},
    doi = {10.1088/1475-7516/2020/10/022},
    eprint = {2007.14962},
    note = {{\citepalias{Wang2020b}}}
}
