% ------------------------------------------------------------------------
% contents/resources/software.bib
%
% This provides bibliography entries for software.
% ------------------------------------------------------------------------

@article{NumPy2020,
    author = {Harris, Charles R. and Millman, K. Jarrod and {van der Walt}, St\'efan J and Gommers, Ralf and Virtanen, Pauli and Cournapeau, David and Wieser, Eric and Taylor, Julian and Berg, Sebastian and Smith, Nathaniel J. and Kern, Robert and Picus, Matti and Hoyer, Stephan and van Kerkwijk, Marten H. and Brett, Matthew and Haldane, Allan and Fern\'andez del RÃ­o, Jaime and Wiebe, Mark and Peterson, Pearu and G\'erard-Marchant, Pierre and Sheppard, Kevin and Reddy, Tyler and Weckesser, Warren and Abbasi, Hameer and Gohlke, Christoph and Oliphant, Travis E.},
    year = {2020},
    title = {Array programming with {NumPy}},
    journal = {\nat},
    volume = {585},
    pages = {357-362},
    doi = {10.1038/s41586-020-2649-2},
    eprint = {2006.10256}
}

@article{SciPy2020,
    author = {Virtanen, Pauli and Gommers, Ralf and Oliphant, Travis E. and Haberland, Matt and Reddy, Tyler and Cournapeau, David and Burovski, Evgeni and Peterson, Pearu and Weckesser, Warren and Bright, Jonathan and {van der Walt}, St\'efan J. and Brett, Matthew and Wilson, Joshua and Millman, K. Jarrod and Mayorov, Nikolay and Nelson, Andrew R. J. and Jones, Eric and Kern, Robert and Larson, Eric and Carey, C. J. and Polat, \.Ilhan and Feng, Yu and Moore, Eric W. and {VanderPlas}, Jake and Laxalde, Denis and Perktold, Josef and Cimrman, Robert and Henriksen, Ian and Quintero, E. A. and Harris, Charles R. and Archibald, Anne M. and Ribeiro, Ant\^onio H. and Pedregosa, Fabian and {van Mulbregt}, Paul and others},
    collaboration = {SciPy 1.0 Contributors},
    year = {2020},
    title = {{SciPy 1.0: Fundamental Algorithms for Scientific Computing in Python}},
    journal = {Nat. Methods},
    volume = {17},
    pages = {261-272},
    doi = {10.1038/s41592-019-0686-2},
    eprint = {1907.10121}
}

@article{Hunter2007,
    author = {Hunter, J. D.},
    year = {2007},
    title = {Matplotlib: {A} {2D} graphics environment},
    journal = {Comput. Sci. Eng.},
    volume = {9},
    number = {3},
    pages = {90-95},
    doi = {10.1109/MCSE.2007.55}
}

@article{astropy2013,
    author = {Robitaille, T. P. and Tollerud, E. J. and Greenfield, P. and Droettboom, M. and Bray, E. and Aldcroft, T. and Davis, M. and Ginsburg, A. and Price-Whelan, A. M. and Kerzendorf, W. E. and others},
    collaboration = {Astropy Collaboration},
    year = {2013},
    title = {Astropy: {A} community Python package for astronomy},
    journal = {\aap},
    volume = {558},
    pages = {A33},
    doi = {10.1051/0004-6361/201322068},
    eprint = {1307.6212}
}

@article{astropy2018,
    author = {Price-Whelan, A. M. and Sip\H{o}cz, B. M. and G\"unther, H. M. and Lim, P. L. and Crawford, S. M. and Conseil, S. and Shupe, D. L. and Craig, M. W. and Dencheva, N. and Ginsburg, A. and others},
    collaboration = {Astropy Collaboration},
    year = {2018},
    title = {{The Astropy Project: Building an Open-science Project and Status of the v2.0 Core Package}},
    journal = {\aj},
    volume = {156},
    number = {3},
    pages = {123},
    doi = {10.3847/1538-3881/aabc4f},
    eprint = {1801.02634},
}

@article{Seljak1996,
    author = {Seljak, Uro\v{s} and Zaldarriaga, Matias},
    title = {{\scuppercase{A Line-of-Sight Approach to Cosmic Microwave Background Anisotropies}}},
    journal = {\apj},
    volume = {469},
    year = {1996},
    pages = {437-444},
    eprint = {astro-ph/9603033}
}

@article{Lewis1999,
    author = {Lewis, Antony and Challinor, Anthony and Lasenby, Anthony},
    year = {2000},
    title = {{Efficient computation of CMB anisotropies in closed FRW models}},
    journal = {\apj},
    volume = {538},
    pages = {473-476},
    doi = {10.1086/309179},
    eprint = {astro-ph/9911177}
}

% NOTE: No journal submission.
@article{Lesgourgues2011,
    author = {Lesgourgues, Julien},
    year = {2011},
    title = {{The Cosmic Linear Anisotropy Solving System (CLASS) \RNum{1}: Overview}},
    eprint = {1104.2932}
}

@article{Hand2018,
    author = {Hand, Nick and Feng, Yu and Beutler, Florian and Li, Yin and Modi, Chirag and Seljak, Uro\v{s} and Slepian, Zachary},
    year = {2018},
    title = {{nbodykit: An Open-source, Massively Parallel Toolkit for Large-scale Structure}},
    journal = {\aj},
    volume = {156},
    number = {4},
    pages = {160},
    doi = {10.3847/1538-3881/aadae0},
    eprint = {1712.05834}
}

@article{Springel2005,
    author = {Springel, Volker},
    year = {2005},
    title = {The cosmological simulation code {\textsc{gadget}-2}},
    journal = {\mnras},
    volume = {364},
    number = {4},
    pages = {1105-1134},
    doi = {10.1111/j.1365-2966.2005.09655.x},
    eprint = {astro-ph/0505010}
}

@article{Knollmann2009,
    author = {Knollmann, Steffen R. and Knebe, Alexander},
    year = {2009},
    title = {{\scuppercase{AHF: Amiga's Halo Finder}}},
    journal = {\apjs},
    volume = {182},
    number = {2},
    pages = {608-624},
    doi = {10.1088/0067-0049/182/2/608},
    eprint = {0904.3662}
}

@article{Gorski2005,
    author = {Gorski, K. M. and Hivon, E. and Banday, A. J. and Wandelt, B. D. and Hansen, F. K. and Reinecke, M. and Bartelmann, M.},
    year = {2005},
    title = {{HEALPix: A Framework for High-Resolution Discretization and Fast Analysis of Data Distributed on the Sphere}},
    journal = {\apj},
    volume = {622},
    number = {2},
    pages = {759-771},
    doi = {10.1086/427976},
    eprint = {astro-ph/0409513}
}

% TODO: No journal information.
@article{Karamanis2020,
    author = {Karamanis, Minas and Beutler, Florian},
    year = {2020},
    title = {{Ensemble Slice Sampling}},
    journal = {},
    eprint = {2002.06212}
}
